@incollection{compoCombiSimul,
	Address = {Cambridge},
	Author = {Eleanor Selfridge-Field},
	Booktitle = {Virtual Music: Computer Synthesis of Musical Style},
	Date-Added = {2015-05-01 20:11:29 +0000},
	Date-Modified = {2015-05-02 15:35:55 +0000},
	Editor = {David Cope},
	Pages = {187-220},
	Publisher = {The MIT Press},
	Title = {Composition, Combinatorics, and Simulation: A Historical and Philosophical Enquiry},
	Year = {2001}}

@book{Cope:2005:CMM:1213294,
	Author = {Cope, David},
	Date-Added = {2015-05-01 19:35:16 +0000},
	Date-Modified = {2015-05-01 19:35:26 +0000},
	Isbn = {0262033380},
	Publisher = {The MIT Press},
	Rating = {4},
	Read = {1},
	Title = {Computer Models of Musical Creativity},
	Year = {2005}}

@article{Schmidhuber95low-complexityart,
	Abstract = {Many artists try to depict "the essence" of objects to be represented. In an attempt to formalize certain aspects of the "the essence", I propose an art form called low-complexity art. Its goals are based on concepts from algorithmic information theory. Suppose the task is to draw a given object. Usually there are many ways of doing so. The goal of low-complexity art is to draw the object such that the drawing can be specified by a computer algorithm and two properties hold: (1) The drawing should "look right". (2) The Kolmogorov complexity of the drawing should be small (the algorithm should be short), and a typical observer should be able to see this. Examples of low-complexity art are given in form of "algorithmically simple" cartoons of various objects. Relations to previous work are established. Attempts are made to relate the formalism of the theory of minimum description length to informal notions like "good artistic style" and "beauty". },
	Author = {J{\"u}rgen Schmidhuber},
	Date-Added = {2015-04-26 15:57:32 +0000},
	Date-Modified = {2015-04-26 16:08:22 +0000},
	Journal = {Leonardo, Journal of the International Society for the Arts, Sciencies and Technology},
	Keywords = {artifitial creativity, art},
	Number = {2},
	Pages = {97-103},
	Publisher = {MIT Press},
	Rating = {5},
	Title = {Low-Complexity Art},
	Volume = {30},
	Year = {1997}}

@article{anonymous,
	Author = {Anonymous},
	Date-Added = {2015-04-24 13:28:45 +0000},
	Date-Modified = {2015-04-24 13:30:37 +0000},
	Title = {This reference is not included to preserve authors anonymity}}

@mastersthesis{Lopez-Montes_TFM,
	Address = {Madrid},
	Author = {Jos{\'e} L{\'o}pez-Montes},
	Date-Added = {2015-04-22 16:58:48 +0000},
	Date-Modified = {2015-04-22 17:07:57 +0000},
	Keywords = {automated composition, grammar, bio-inspired, composition, music, metaprogramming, functional programming},
	School = {Universidad Rey Juan Carlos},
	Title = {GenoMus: Prospecci{\'o}n de t{\'e}cnicas de creatividad asistida por computadora mediante la metaprogramaci{\'o}n de genotipos musicales},
	Year = {2013}}

@phdthesis{kulitta,
	Author = {Donya Quick},
	Date-Added = {2015-04-22 11:05:06 +0000},
	Date-Modified = {2015-04-22 11:07:54 +0000},
	Keywords = {automated composition, grammar, Haskell. Kulitta},
	School = {Yale University},
	Title = {Kulitta: a Framework for Automated Composition},
	Year = {2014},
	Bdsk-File-1 = {YnBsaXN0MDDUAQIDBAUGJCVYJHZlcnNpb25YJG9iamVjdHNZJGFyY2hpdmVyVCR0b3ASAAGGoKgHCBMUFRYaIVUkbnVsbNMJCgsMDxJXTlMua2V5c1pOUy5vYmplY3RzViRjbGFzc6INDoACgAOiEBGABIAFgAdccmVsYXRpdmVQYXRoWWFsaWFzRGF0YV8QKS4uLy4uLy4uLy4uLy4uL0Rvd25sb2Fkcy9kaXNzZXJ0YXRpb24ucGRm0hcLGBlXTlMuZGF0YU8RAYgAAAAAAYgAAgAADE1hY2ludG9zaCBIRAAAAAAAAAAAAAAAAAAAAM6bzF1IKwAAAAYi5RBkaXNzZXJ0YXRpb24ucGRmAAAAAAAAAAAAAAAAAAAAAAAAAAAAAAAAAAAAAAAAAAAAAAAAAAAAAAAAAAAAAAAAsU9J0V1HIwAAAAAAAAAAAAUAAgAACSAAAAAAAAAAAAAAAAAAAAAJRG93bmxvYWRzAAAQAAgAAM6bvk0AAAARAAgAANFdKwMAAAABAAwABiLlAAYi4gACZEsAAgA3TWFjaW50b3NoIEhEOlVzZXJzOgBtYnBfMTM6AERvd25sb2FkczoAZGlzc2VydGF0aW9uLnBkZgAADgAiABAAZABpAHMAcwBlAHIAdABhAHQAaQBvAG4ALgBwAGQAZgAPABoADABNAGEAYwBpAG4AdABvAHMAaAAgAEgARAASACdVc2Vycy9tYnBfMTMvRG93bmxvYWRzL2Rpc3NlcnRhdGlvbi5wZGYAABMAAS8AABUAAgAN//8AAIAG0hscHR5aJGNsYXNzbmFtZVgkY2xhc3Nlc11OU011dGFibGVEYXRhox0fIFZOU0RhdGFYTlNPYmplY3TSGxwiI1xOU0RpY3Rpb25hcnmiIiBfEA9OU0tleWVkQXJjaGl2ZXLRJidUcm9vdIABAAgAEQAaACMALQAyADcAQABGAE0AVQBgAGcAagBsAG4AcQBzAHUAdwCEAI4AugC/AMcCUwJVAloCZQJuAnwCgAKHApAClQKiAqUCtwK6Ar8AAAAAAAACAQAAAAAAAAAoAAAAAAAAAAAAAAAAAAACwQ==}}

@inproceedings{Quick:2013:GAM:2505341.2505345,
	Acmid = {2505345},
	Address = {New York, NY, USA},
	Annote = {Muy orientado a la composici{\'o}n tradicional acad{\'e}mica a 4 voces.},
	Author = {Quick, Donya and Hudak, Paul},
	Booktitle = {Proceedings of the first ACM SIGPLAN workshop on Functional art, music, modeling \&\#38; design},
	Date-Added = {2015-04-22 10:29:00 +0000},
	Date-Modified = {2015-04-22 10:32:40 +0000},
	Doi = {10.1145/2505341.2505345},
	Isbn = {978-1-4503-2386-4},
	Keywords = {algorithmic composition, grammar, music},
	Location = {Boston, Massachusetts, USA},
	Numpages = {12},
	Pages = {59--70},
	Publisher = {ACM},
	Series = {FARM '13},
	Title = {Grammar-based automated music composition in Haskell},
	Url = {http://doi.acm.org/10.1145/2505341.2505345},
	Year = {2013},
	Bdsk-File-1 = {YnBsaXN0MDDUAQIDBAUGJCVYJHZlcnNpb25YJG9iamVjdHNZJGFyY2hpdmVyVCR0b3ASAAGGoKgHCBMUFRYaIVUkbnVsbNMJCgsMDxJXTlMua2V5c1pOUy5vYmplY3RzViRjbGFzc6INDoACgAOiEBGABIAFgAdccmVsYXRpdmVQYXRoWWFsaWFzRGF0YV8QJi4uLy4uLy4uLy4uLy4uL0Rvd25sb2Fkcy9wNTktcXVpY2sucGRm0hcLGBlXTlMuZGF0YU8RAXoAAAAAAXoAAgAADE1hY2ludG9zaCBIRAAAAAAAAAAAAAAAAAAAAM6bzF1IKwAAAAYi5Q1wNTktcXVpY2sucGRmAAAAAAAAAAAAAAAAAAAAAAAAAAAAAAAAAAAAAAAAAAAAAAAAAAAAAAAAAAAAAAAAAAAAsU840V1HGgAAAAAAAAAAAAUAAgAACSAAAAAAAAAAAAAAAAAAAAAJRG93bmxvYWRzAAAQAAgAAM6bvk0AAAARAAgAANFdKvoAAAABAAwABiLlAAYi4gACZEsAAgA0TWFjaW50b3NoIEhEOlVzZXJzOgBtYnBfMTM6AERvd25sb2FkczoAcDU5LXF1aWNrLnBkZgAOABwADQBwADUAOQAtAHEAdQBpAGMAawAuAHAAZABmAA8AGgAMAE0AYQBjAGkAbgB0AG8AcwBoACAASABEABIAJFVzZXJzL21icF8xMy9Eb3dubG9hZHMvcDU5LXF1aWNrLnBkZgATAAEvAAAVAAIADf//AACABtIbHB0eWiRjbGFzc25hbWVYJGNsYXNzZXNdTlNNdXRhYmxlRGF0YaMdHyBWTlNEYXRhWE5TT2JqZWN00hscIiNcTlNEaWN0aW9uYXJ5oiIgXxAPTlNLZXllZEFyY2hpdmVy0SYnVHJvb3SAAQAIABEAGgAjAC0AMgA3AEAARgBNAFUAYABnAGoAbABuAHEAcwB1AHcAhACOALcAvADEAkICRAJJAlQCXQJrAm8CdgJ/AoQCkQKUAqYCqQKuAAAAAAAAAgEAAAAAAAAAKAAAAAAAAAAAAAAAAAAAArA=},
	Bdsk-Url-1 = {http://dx.doi.org/10.1145/2505341.2505345}}

@inproceedings{DBLP:conf/ismir/SidorovJM14,
	Author = {Kirill A. Sidorov and Andrew Jones and A. David Marshall},
	Bibsource = {dblp computer science bibliography, http://dblp.org},
	Biburl = {http://dblp.uni-trier.de/rec/bib/conf/ismir/SidorovJM14},
	Booktitle = {Proceedings of the 15th International Society for Music Information Retrieval Conference, {ISMIR} 2014, Taipei, Taiwan, October 27-31, 2014},
	Crossref = {DBLP:conf/ismir/2014},
	Date-Added = {2015-04-22 09:56:41 +0000},
	Date-Modified = {2015-04-22 09:56:41 +0000},
	Pages = {301--306},
	Timestamp = {Fri, 19 Dec 2014 14:08:38 +0100},
	Title = {Music Analysis as a Smallest Grammar Problem},
	Url = {http://www.terasoft.com.tw/conf/ismir2014/proceedings/T055_226_Paper.pdf},
	Year = {2014},
	Bdsk-Url-1 = {http://www.terasoft.com.tw/conf/ismir2014/proceedings/T055_226_Paper.pdf}}

@proceedings{DBLP:conf/ismir/2014,
	Bibsource = {dblp computer science bibliography, http://dblp.org},
	Biburl = {http://dblp.uni-trier.de/rec/bib/conf/ismir/2014},
	Date-Added = {2015-04-22 09:56:41 +0000},
	Date-Modified = {2015-04-22 09:56:41 +0000},
	Editor = {Hsin{-}Min Wang and Yi{-}Hsuan Yang and Jin Ha Lee},
	Timestamp = {Fri, 19 Dec 2014 14:08:38 +0100},
	Title = {Proceedings of the 15th International Society for Music Information Retrieval Conference, {ISMIR} 2014, Taipei, Taiwan, October 27-31, 2014},
	Url = {http://www.terasoft.com.tw/conf/ismir2014/},
	Year = {2014},
	Bdsk-Url-1 = {http://www.terasoft.com.tw/conf/ismir2014/}}

@incollection{schaathun96,
	Address = {Oslo},
	Author = {Asbj{\o}rn Schaathun},
	Booktitle = {Inspirator -- Tradisjonsb{\ae}rer -- Rabulist},
	Date-Added = {2015-04-22 09:41:36 +0000},
	Date-Modified = {2015-04-22 09:52:31 +0000},
	Editor = {Olav A. Thommessen},
	Pages = {132-149},
	Publisher = {Ed. Norsk Musikforlag},
	Rating = {3},
	Title = {Formula-composition modernism in music made audible},
	Year = {1996},
	Bdsk-File-1 = {YnBsaXN0MDDUAQIDBAUGJCVYJHZlcnNpb25YJG9iamVjdHNZJGFyY2hpdmVyVCR0b3ASAAGGoKgHCBMUFRYaIVUkbnVsbNMJCgsMDxJXTlMua2V5c1pOUy5vYmplY3RzViRjbGFzc6INDoACgAOiEBGABIAFgAdccmVsYXRpdmVQYXRoWWFsaWFzRGF0YV8QNC4uLy4uLy4uLy4uLy4uL0Rvd25sb2Fkcy8xLTA3LWZvcm11bGFjb21wb3NpdGlvbi5wZGbSFwsYGVdOUy5kYXRhTxEBsgAAAAABsgACAAAMTWFjaW50b3NoIEhEAAAAAAAAAAAAAAAAAAAAzpvMXUgrAAAABiLlGzEtMDctZm9ybXVsYWNvbXBvc2l0aW9uLnBkZgAAAAAAAAAAAAAAAAAAAAAAAAAAAAAAAAAAAAAAAAAAAAAAAACxOM/RXTpoAAAAAAAAAAAABQACAAAJIAAAAAAAAAAAAAAAAAAAAAlEb3dubG9hZHMAABAACAAAzpu+TQAAABEACAAA0V0eSAAAAAEADAAGIuUABiLiAAJkSwACAEJNYWNpbnRvc2ggSEQ6VXNlcnM6AG1icF8xMzoARG93bmxvYWRzOgAxLTA3LWZvcm11bGFjb21wb3NpdGlvbi5wZGYADgA4ABsAMQAtADAANwAtAGYAbwByAG0AdQBsAGEAYwBvAG0AcABvAHMAaQB0AGkAbwBuAC4AcABkAGYADwAaAAwATQBhAGMAaQBuAHQAbwBzAGgAIABIAEQAEgAyVXNlcnMvbWJwXzEzL0Rvd25sb2Fkcy8xLTA3LWZvcm11bGFjb21wb3NpdGlvbi5wZGYAEwABLwAAFQACAA3//wAAgAbSGxwdHlokY2xhc3NuYW1lWCRjbGFzc2VzXU5TTXV0YWJsZURhdGGjHR8gVk5TRGF0YVhOU09iamVjdNIbHCIjXE5TRGljdGlvbmFyeaIiIF8QD05TS2V5ZWRBcmNoaXZlctEmJ1Ryb290gAEACAARABoAIwAtADIANwBAAEYATQBVAGAAZwBqAGwAbgBxAHMAdQB3AIQAjgDFAMoA0gKIAooCjwKaAqMCsQK1ArwCxQLKAtcC2gLsAu8C9AAAAAAAAAIBAAAAAAAAACgAAAAAAAAAAAAAAAAAAAL2}}

@inproceedings{kour2014real,
  title={Real-time segmentation of on-line handwritten arabic script},
  author={Kour, George and Saabne, Raid},
  booktitle={Frontiers in Handwriting Recognition (ICFHR), 2014 14th International Conference on},
  pages={417--422},
  year={2014},
  organization={IEEE}
}

@inproceedings{kour2014fast,
  title={Fast classification of handwritten on-line Arabic characters},
  author={Kour, George and Saabne, Raid},
  booktitle={Soft Computing and Pattern Recognition (SoCPaR), 2014 6th International Conference of},
  pages={312--318},
  year={2014},
  organization={IEEE}
}

@article{hadash2018estimate,
  title={Estimate and Replace: A Novel Approach to Integrating Deep Neural Networks with Existing Applications},
  author={Hadash, Guy and Kermany, Einat and Carmeli, Boaz and Lavi, Ofer and Kour, George and Jacovi, Alon},
  journal={arXiv preprint arXiv:1804.09028},
  year={2018}
}s